@online{ring,
  author = {J J O'Connor and E F Robertson},
  title = {Ring Theory},
  year = 2014,
  url = {http://www-groups.dcs.st-and.ac.uk/history/HistTopics/Ring_theory.html#s29},
  urldate = {2017-05-16}
}

@online{poon,
  author = {E Poon},
  title = {Category Theoretic Interpretation of Rings},
  year = 2014,
  url = {http://alistairsavage.ca/pubs/Poon-CategoryTheoreticInterpretationOfRings.pdf},
  urldate = {2017-05-27}
}

@online{sydney,
  author = {B Howlett'},
  title = {Lecture notes in Group Representation Theory},
  year = 1997,
  url = {http://www.maths.usyd.edu.au/u/bobh/UoS/replec18.pdf},
  urldate = {2017-05-29}
}

@book{knap,
  TITLE = {Advanced real analysis},
  SUBTITLE = {},
  AUTHOR = {Knapp, A.},
  YEAR = {2005},
  PUBLISHER = {Birkhauser},
}

@misc{fjlopez,
  author        = {L\'opez,F. J.},
  title         = {Topolog\'ia II},
  year          = {2018},
  month         = {January},
  howpublished = {\url{http://www.ugr.es/~fjlopez/_private/Topologia_II.pdf}},
}

@misc{paya,
  author        = {Pay\'a, R.},
  title         = {An√°lisis I},
  year          = {2018},
  month         = {January},
  howpublished = {\url{http://www.ugr.es/~rpaya/documentos/AnalisisI/2016-17/Complitud.pdf}},
}

@book{hatcher,
  TITLE = {Algebraic Topology},
  SUBTITLE = {},
  AUTHOR = {Hatcher, A.},
  YEAR = {2002},
  PUBLISHER = {Cambridge University Press},
}

@misc{howard,
    author  = "Howard, R.",
    title   = "The Milnor-Rogers proof of the Brouwer Fixed Point Theorem",
    year    = "2004",
    url = "http://people.math.sc.edu/howard/Notes/brouwer.pdf"
}

@book{seoane,
  TITLE = {Fundamentos y problemas resueltos de Teor\'ia cualitativa de ecuaciones diferenciales },
  SUBTITLE = {},
  AUTHOR = {Mu\~noz, G. and Seoane, J.},
  YEAR = {2017},
  PUBLISHER = {Paraninfo Universidad},
}

@book{brown,
  TITLE = {A topological introduction to non-linear analysis},
  SUBTITLE = {},
  AUTHOR = {Brown, R.},
  YEAR = {2014},
  PUBLISHER = {Birkh\"auser},
}

@article{muller,
author = {M\"uller, M.},
journal = {Mathematische Zeitschrift},
pages = {619-645},
title = {\"Uber das Fundamentaltheorem in der Theorie der gew\"ohnlichen Differentialgleichungen},
url = {http://eudml.org/doc/167946},
volume = {26},
year = {1927},
}
